<?xml version="1.0" encoding="UTF-8"?><collection xmlns="http://www.loc.gov/MARC21/slim"><record><leader>00520nam--2200181-i-4500</leader><controlfield tag="001">000004911</controlfield><controlfield tag="002">20161230</controlfield><controlfield tag="005">20161230201026</controlfield><controlfield tag="008">060222s1000------------r-----000-0-eng-d</controlfield><datafield ind1=" " ind2=" " tag="040"><subfield code="a">IFIN-HH</subfield></datafield><datafield ind1=" " ind2=" " tag="080"><subfield code="a">53:539.1</subfield></datafield><datafield ind1="1" ind2=" " tag="100"><subfield code="a">Blanchard, C.H. /S.A.</subfield></datafield><datafield ind1="1" ind2="0" tag="245"><subfield code="a">Introduction to modern physics</subfield><subfield code="c">C.h. blanchard, c.r. burnett, r.g. stoner, r.l. weber</subfield></datafield><datafield ind1=" " ind2=" " tag="260"><subfield code="a">Engelwood Cliffs, N.J</subfield><subfield code="b">Prentice-hall, Inc</subfield><subfield code="c">1959</subfield></datafield><datafield ind1=" " ind2=" " tag="300"><subfield code="a">XI + 414 P</subfield></datafield><datafield ind1="1" ind2=" " tag="700"><subfield code="a">Weber, R.L</subfield></datafield><datafield ind1=" " ind2=" " tag="852"><subfield code="a">15126</subfield><subfield code="c">53</subfield></datafield><datafield ind1=" " ind2=" " tag="CAT"><subfield code="a">Sys</subfield><subfield code="c">20150212</subfield><subfield code="h">193833</subfield></datafield></record></collection>